@book{bang2008-bellman-ford-moore,
   title={Digraphs: theory, algorithms and applications},
   author={Bang-Jensen, J{\o}rgen and Gutin, Gregory Z},
   year={2008},
   publisher={Springer Science \& Business Media}
}

@article{fanding1994-spfa,
   title={A faster algorithm for shortest-path--{SPFA}},
   author={Fanding, Duan},
   journal={Journal of Southwest Jiaotong University},
   volume={2},
   number={9},
   pages={2},
   year={1994}
}

@book{desaulniers2006,
   title={Column generation},
   author={Desaulniers, Guy and Desrosiers, Jacques and Solomon, Marius M},
   volume={5},
   year={2006},
   publisher={Springer Science \& Business Media}
}

@article{pepin2009,
   title={A comparison of five heuristics for the multiple depot vehicle scheduling problem},
   author={Pepin, Ann-Sophie and Desaulniers, Guy and Hertz, Alain and Huisman, Dennis},
   journal={Journal of scheduling},
   volume={12},
   number={1},
   pages={17--30},
   year={2009},
   publisher={Springer}
}
